<?xml version="1.0" encoding="UTF-8"?><collection xmlns="http://www.loc.gov/MARC21/slim"><record><leader>00593nam--2200181-i-4500</leader><controlfield tag="001">000019235</controlfield><controlfield tag="002">20161230</controlfield><controlfield tag="005">20161230201033</controlfield><controlfield tag="008">060222s1000------------r-----000-0-fre-d</controlfield><datafield ind1=" " ind2=" " tag="040"><subfield code="a">IFIN-HH</subfield></datafield><datafield ind1=" " ind2=" " tag="041"><subfield code="a">fre</subfield></datafield><datafield ind1=" " ind2=" " tag="080"><subfield code="a">539.143.43</subfield></datafield><datafield ind1="1" ind2=" " tag="100"><subfield code="a">Faucher, Jean-pierre</subfield></datafield><datafield ind1="1" ind2="0" tag="245"><subfield code="a">Contribution de la resonance paramagnetique electronique a l`etude de quelques composes moleculaires semi-conducteurs</subfield><subfield code="b">These</subfield><subfield code="c">Jean-pierre faucher</subfield></datafield><datafield ind1=" " ind2=" " tag="260"><subfield code="a">Clermont</subfield><subfield code="b">Faculte Des Sciences De L`Universite De Clermont</subfield><subfield code="c">1969</subfield></datafield><datafield ind1=" " ind2=" " tag="300"><subfield code="a">55 P</subfield></datafield><datafield ind1=" " ind2=" " tag="852"><subfield code="a">34401</subfield><subfield code="c">539.143.43</subfield></datafield><datafield ind1=" " ind2=" " tag="CAT"><subfield code="a">Sys</subfield><subfield code="c">20120507</subfield><subfield code="h">160635</subfield></datafield></record></collection>